@misc{picroft,
  author = {{Mycroft AI}},
  title = {Enclosure Picroft},
  year = {2018},
  publisher = {GitHub},
  journal = {GitHub repository},
  howpublished = {\url{https://github.com/MycroftAI/enclosure-picroft/}},
  commit = {2269df13d9a82a6dc8d688b5d12f0394b6a9930d},
  lastvisited = {2018-12-13}
}

@misc{reaspeker-installation,
  author = {Eli Adelhult},
  title = {Respeaker with Picroft},
  year = {2019},
  month = {1},
  publisher = {GitHub},
  journal = {GitHub repository},
  howpublished = {\url{https://github.com/adelhult/respeaker-with-picroft}},
  lastvisited = {2019-01-22}
}

@misc{geerling,
  title={Raspberry Pi 3 B+ Review and Performance Comparison},
  howpublished={\url{https://www.jeffgeerling.com/blog/2018/raspberry-pi-3-b-review-and-performance-comparison}},
  lastvisited = {2018-12-13},
  author={Geerling, Jeff},
  year={2018},
  month={4}
}

@misc{seeeds_documentation,
  title={ReSpeaker 4 Mic Array for Raspberry Pi},
  howpublished={\url{https://github.com/SeeedDocument/ReSpeaker-4-Mic-Array-for-Raspberry-Pi/blob/master/ReSpeaker-4-Mic-Array-for-Raspberry-Pi.md}},
  lastvisited = {2018-12-18},
  author={{Seeeds}},
  year={2017},
  month={9}
}

@misc{voicebot,
  title={Smart Speaker Adoption Report},
  howpublished={\url{https://voicebot.ai/wp-content/uploads/2018/03/smart_speaker_consumer_adoption_report_2018.pdf}},
  lastvisited = {2018-12-13},
  author={{Voicebot}},
  year={2018},
  month={3}
}

@misc{edison_npr2017,
  title={The Smart Audio Report},
  howpublished={\url{http://nationalpublicmedia.com/wp-content/uploads/2018/01/The-Smart-Audio-Report-from-NPR-and-Edison-Research-Fall-Winter-2017.pdf}},
  lastvisited = {2018-12-21},
  author={{National Public Radio och Edison Research}},
  year={2017},
}

@misc{edison_npr2018,
  title={The Smart Audio Report Winter 2018},
  howpublished={\url{https://www.nationalpublicmedia.com/wp-content/uploads/2019/01/Smart-Audio-Report-Winter-2018.pdf}},
  lastvisited = {2019-1-15},
  author={{National Public Radio och Edison Research}},
  year={2018},
  month={12}
}

@misc{capgemini,
  title={Time to talk},
  howpublished={\url{https://www.capgemini.com/wp-content/uploads/2018/01/time_to_talk-pov-final.pdf}},
  lastvisited = {2019-1-29},
  author={{Capgemini, Intel Corporation och Massachusetts Institute of Technology}},
  year={2018},
  month={1}
}





